2798 5370
436 1499 757 1596 Sententiae
788 1510 1195 1597 oontroversae.

734 1727 886 1736 —a-u--n—

310 1885 335 1942 Ι.
359 1881 557 1942 Sohoemanni
580 1882 758 1941 sententiam
780 1882 830 1960 (ad
852 1882 970 1941 Isaeum
992 1903 1021 1960 p.
1040 1884 1113 1959 369)
1137 1879 1270 1961 τὴντῶν
1293 1877 1344 1964 ἆρ-

359 1979 470 2063 χόντων
485 1975 599 2063 oiyopoiv
620 1985 699 2044 idem
721 1985 888 2059 significare
912 1986 991 2064 quod
1008 1979 1061 2054 τοὶς
1076 1979 1261 2065 ἀρχαιρεσίας
1283 2008 1343 2046 non

359 2108 423 2147 esse
445 2092 564 2147 reetam.

290 2226 333 2286 H.
358 2225 530 2285 Orationem
560 2217 620 2282 κατ’
648 2215 894 2302 Ὀλυμπιοδώρου
924 2217 1037 2300 βλάβης
1065 2226 1102 2284 ab
1131 2224 1344 2284 Alexandrinis

358 2347 425 2386 eum
454 2332 540 2387 orott.
571 2333 675 2386 eontra
696 2326 846 2386 Calliclem
872 2332 902 2386 et
923 2326 1164 2405 Dionysodorum
1194 2329 1344 2388 oonsooia·

356 2436 417 2490 tam
438 2430 629 2490 librariorum
652 2449 752 2490 errore
775 2430 807 2488 in
828 2429 927 2488 looum
956 2429 1036 2488 unde
1065 2430 1343 2510 quinquagesimum

357 2532 498 2592 inuidisse
520 2533 625 2594 videri.

270 2672 329 2731 III.
356 2670 622 2730 Reifferscheidum
645 2689 758 2728 errasse
782 2688 848 2728 oum
869 2669 902 2727 in
925 2669 987 2728 vita
1009 2671 1045 2728 A.
1065 2669 1161 2728 Persii
1185 2669 1284 2728 Flaooi
1308 2669 1343 2728 de

358 2773 569 2834 commentario
593 2773 684 2833 Probi
698 2771 799 2832 Valeri
823 2771 939 2831 sublata
960 2792 988 2849 p.
1006 2772 1045 2830 72
1068 2773 1251 2835 adverbum
1273 2773 1342 2846 „de-

359 2875 465 2936 oessit“
488 2877 659 2938 adnotavit:
681 2874 789 2950 „immo
813 2875 945 2953 sepultus
968 2879 1040 2935 est“.

280 3014 335 3075 IV.
357 3013 430 3074 ibid.
452 3035 480 3092 p.
500 3013 549 3088 74,
573 3019 608 3072 14
632 3012 791 3092 Chrysippi
813 3032 922 3072 nomen
945 3031 1009 3072 esse
1030 3012 1228 3072 retinendum.

296 3150 332 3210 V.
355 3151 392 3208 In
416 3149 547 3209 carmine
571 3150 714 3210 Friderioi
745 3150 781 3208 de
803 3150 907 3208 Husen
930 3150 971 3208 M.
995 3150 1029 3209 F.
1051 3168 1080 3226 p.
1102 3149 1151 3207 42
1181 3153 1250 3227 post
1275 3167 1343 3209 ver·

358 3272 421 3311 sum
441 3258 488 3311 19.
510 3253 606 3314 levius
630 3273 694 3312 esse
715 3252 988 3330 interpungendum
1010 3257 1041 3311 et
1069 3256 1199 3310 21-22
1229 3253 1341 3311 anseri·

358 3374 422 3414 seos
446 3376 509 3416 esse
532 3356 680 3416 delendos.

606 4594 675 4640 lenae,
694 4594 747 4640 typis
765 4593 807 4632 Ed.
826 4588 999 4634 Frommanni.
